<?xml version="1.0" encoding="UTF-8" standalone="no"?><marc:record xmlns:marc="http://www.loc.gov/MARC21/slim" xmlns:xsi="http://www.w3.org/2001/XMLSchema-instance"><marc:leader>01684nkcaa2200361 a 4500</marc:leader>
    <marc:controlfield tag="005">20110421221046.0</marc:controlfield>
    <marc:controlfield tag="006">knnn |||||||||||cn</marc:controlfield><marc:controlfield tag="007">kg bm|</marc:controlfield><marc:controlfield tag="008">110421k17001799xx nnn |||||| ||||cneng|d</marc:controlfield><marc:datafield ind1="0" ind2=" " tag="100"><marc:subfield code="a">Anonymous</marc:subfield><marc:subfield code="c">American School</marc:subfield><marc:subfield active="true" code="d">18th century</marc:subfield></marc:datafield><marc:datafield ind1="1" ind2="0" tag="245"><marc:subfield code="a">Mrs. Matthew Ridley (Catherine Livingston) (later Mrs. John Livingston)</marc:subfield></marc:datafield><marc:datafield ind1="1" ind2=" " tag="300"><marc:subfield code="e">Graphic reproduction(s) with documentation of a</marc:subfield><marc:subfield code="a">miniature</marc:subfield></marc:datafield><marc:datafield count="1" ind1="1" ind2=" " tag="590"><marc:subfield code="a">Mrs. Paul L. Hammond</marc:subfield><marc:subfield code="g">private</marc:subfield></marc:datafield><marc:datafield count="2" ind1="9" ind2=" " tag="590"><marc:subfield code="a">Photograph</marc:subfield><marc:subfield code="b">Ira W. Martin / Thurman Rotan</marc:subfield><marc:subfield code="d">54187</marc:subfield><marc:subfield code="f">good</marc:subfield><marc:subfield code="k" person="Frick Art Reference Library" place="New York">Frick Art Reference Library, New York (FARL) negative</marc:subfield></marc:datafield><marc:datafield count="3" ind1="9" ind2=" " tag="590"><marc:subfield code="a">Digital image</marc:subfield><marc:subfield code="g">54187_POST.tif</marc:subfield><marc:subfield code="h">negative</marc:subfield><marc:subfield code="d">54187</marc:subfield></marc:datafield><marc:datafield ind1="0" ind2="0" tag="600"><marc:subfield code="a">Anonymous</marc:subfield><marc:subfield code="c">American School</marc:subfield><marc:subfield active="true" code="d">18th century</marc:subfield></marc:datafield><marc:datafield ind1="1" ind2="0" tag="600"><marc:subfield code="a">Ridley, Catherine Livingston</marc:subfield></marc:datafield><marc:datafield ind1=" " ind2="0" tag="650"><marc:subfield code="a">Art, American</marc:subfield></marc:datafield><marc:datafield ind1=" " ind2="7" tag="650"><marc:subfield code="a">Miniatures: Portraits: Women</marc:subfield><marc:subfield code="2">local</marc:subfield></marc:datafield><marc:datafield ind1=" " ind2="7" tag="655"><marc:subfield code="a">American School</marc:subfield><marc:subfield code="b">School</marc:subfield><marc:subfield code="2">local</marc:subfield></marc:datafield><marc:datafield ind1=" " ind2="7" tag="655"><marc:subfield code="a">Reproductions</marc:subfield><marc:subfield code="2">aat</marc:subfield><marc:subfield code="0">http://vocab.getty.edu/aat/300015643</marc:subfield></marc:datafield><marc:datafield ind1="2" ind2=" " tag="710"><marc:subfield code="a">Frick Art Reference Library</marc:subfield></marc:datafield><marc:datafield ind1="0" ind2=" " tag="790"><marc:subfield code="a">Mrs. Paul L. Hammond</marc:subfield><marc:subfield code="g">art collection</marc:subfield></marc:datafield><marc:datafield ind1="1" ind2=" " tag="792"><marc:subfield code="a">American School (18th century)</marc:subfield></marc:datafield><marc:datafield ind1="8" ind2=" " tag="852"><marc:subfield code="a">NNFr</marc:subfield><marc:subfield code="h">Americna School (18th century), 100, Mrs. Matthew Ridley (Catherine Livingston) (later Mrs. John Livingston)</marc:subfield></marc:datafield><marc:datafield ind1="4" ind2="1" tag="856"><marc:subfield code="u">http://digitalcollections.frick.org/digico/#/details/bibRecordNumber/b10076360/Photoarchive</marc:subfield><marc:subfield code="z">View Photoarchive images and documentation</marc:subfield></marc:datafield><marc:datafield ind1=" " ind2=" " tag="996"><marc:subfield code="a">.b10076360</marc:subfield><marc:subfield code="b">11-13-19</marc:subfield><marc:subfield code="c">04-30-11</marc:subfield></marc:datafield><marc:datafield ind1=" " ind2=" " tag="997"><marc:subfield code="a">fpw</marc:subfield><marc:subfield code="b">10-19-16</marc:subfield><marc:subfield code="c">d</marc:subfield><marc:subfield code="d">k</marc:subfield><marc:subfield code="e">-</marc:subfield><marc:subfield code="f">eng</marc:subfield><marc:subfield code="g">xx</marc:subfield><marc:subfield code="h">0</marc:subfield></marc:datafield><marc:datafield ind1=" " ind2=" " tag="904"><marc:subfield code="a">Record created with funding from The</marc:subfield><marc:subfield code="b">National Endowment for the Humanities</marc:subfield></marc:datafield><marc:datafield ind1=" " ind2=" " tag="906"><marc:subfield code="a">NEH</marc:subfield></marc:datafield><marc:datafield ind1=" " ind2=" " tag="948"><marc:subfield code="a">LTI 03/09/2017</marc:subfield></marc:datafield><marc:datafield ind1="4" ind2=" " tag="980"><marc:subfield code="a">FARL Mounts File</marc:subfield></marc:datafield><marc:datafield ind1=" " ind2=" " tag="983"><marc:subfield code="a">1</marc:subfield><marc:subfield code="b">reproduction(s)</marc:subfield></marc:datafield></marc:record>
